@ARTICLE{LocationPrivacy, 
author={Vicente, C.R. and Freni, D. and Bettini, C. and Jensen, Christian S.}, 
journal={Internet Computing, IEEE}, 
title={Location-Related Privacy in Geo-Social Networks}, 
year={2011}, 
volume={15}, 
number={3}, 
pages={20-27}, 
keywords={Internet;data privacy;social networking (online);GeoSNs;context-aware services;friend tracking;geo social networks;location related privacy;photo sharing;privacy protection methods;privacy threats;Encryption;Facebook;Mobile radio mobility management;Privacy;Proposals;Real time systems;Social network services;Tagging;GIS;privacy;spatial databases}, 
doi={10.1109/MIC.2011.29}, 
ISSN={1089-7801}, 
month={May},}

@ARTICLE{History, 
author={Bellavista, P. and Kupper, A. and Helal, S.}, 
journal={Pervasive Computing, IEEE}, 
title={Location-Based Services: Back to the Future}, 
year={2008}, 
volume={7}, 
number={2}, 
pages={85-89}, 
keywords={mobile computing;location-based services;mobile services;Business;Disaster management;Failure analysis;Global Positioning System;History;Investments;Middleware;Safety;Standards development;US Government;location-based services;positioning systems}, 
doi={10.1109/MPRV.2008.34}, 
ISSN={1536-1268}, 
month={April},}

@inproceedings{Friedland2010,
 author = {Friedland, Gerald and Sommer, Robin},
 title = {Cybercasing the Joint: On the Privacy Implications of Geo-tagging},
 booktitle = {Proceedings of the 5th USENIX Conference on Hot Topics in Security},
 series = {HotSec'10},
 year = {2010},
 location = {Washinton, DC},
 pages = {1--8},
 numpages = {8},
 url = {http://dl.acm.org/citation.cfm?id=1924931.1924933},
 acmid = {1924933},
 publisher = {USENIX Association},
 address = {Berkeley, CA, USA},
} 